%% This BibTeX bibliography file was created using BibDesk.
%% http://bibdesk.sourceforge.net/

@article{agarwal2009age,
  title={The age of reason: Financial decisions over the life cycle and implications for regulation},
  author={Agarwal, Sumit and Driscoll, John C and Gabaix, Xavier and Laibson, David},
  journal={Brookings Papers on Economic Activity},
  volume={2009},
  number={2},
  pages={51--117},
  year={2009},
  publisher={Brookings Institution Press}
}

@article{advisorsBandB2016,
  title={Financial adviser users and financial literacy},
  author={Balasubramnian, Bhanu and Brisker, Eric R},
  journal={Financial Services Review},
  volume={25},
  number={2},
  pages={127},
  year={2016},
  publisher={Academy of Financial Services}
}
@article{keys2016failure,
  title={Failure to refinance},
  author={Keys, Benjamin J and Pope, Devin G and Pope, Jaren C},
  journal={Journal of Financial Economics},
  volume={122},
  number={3},
  pages={482--499},
  year={2016},
  publisher={Elsevier}
}

@article{hastings2013financial,
  title={Financial literacy, financial education, and economic outcomes},
  author={Hastings, Justine S and Madrian, Brigitte C and Skimmyhorn, William L},
  year={2013},
  publisher={Annual Reviews}
}

@article{hahn2018regularization,
  title={Regularization and confounding in linear regression for treatment effect estimation},
  author={Hahn, P Richard and Carvalho, Carlos M and Puelz, David and He, Jingyu and others},
  journal={Bayesian Analysis},
  volume={13},
  number={1},
  pages={163--182},
  year={2018},
  publisher={International Society for Bayesian Analysis}
}

@article{lusardi2014economic,
  title={The economic importance of financial literacy: Theory and evidence},
  author={Lusardi, Annamaria and Mitchell, Olivia S},
  journal={Journal of Economic Literature},
  volume={52},
  number={1},
  pages={5--44},
  year={2014}
}
  @article{mitchell2015financial,
  title={Financial literacy and economic outcomes: Evidence and policy implications},
  author={Mitchell, Olivia S and Lusardi, Annamaria},
  journal={The Journal of Retirement},
  volume={3},
  number={1},
  pages={107},
  year={2015},
  publisher={NIH Public Access}
}
  @article{lusardi2017optimal,
  title={Optimal financial knowledge and wealth inequality},
  author={Lusardi, Annamaria and Michaud, Pierre-Carl and Mitchell, Olivia S},
  journal={Journal of Political Economy},
  volume={125},
  number={2},
  pages={431--477},
  year={2017},
  publisher={University of Chicago Press Chicago, IL}
}
@article{systematicmistakes,
  title={Systematic mistakes in the mortgage market and lack of financial sophistication},
  author={Agarwal, Sumit and Itzhak Ben-David and Vincent Yao},
  journal={Journal of Financial Economics},
  volume={123},
  number={},
  pages={42--58},
  year={2017}
  }
  
   
@article{lusardi2007baby,
  title={Baby boomer retirement security: The roles of planning, financial literacy, and housing wealth},
  author={Lusardi, Annamaria and Mitchell, Olivia S},
  journal={Journal of Monetary Economics},
  volume={54},
  number={1},
  pages={205--224},
  year={2007},
  publisher={Elsevier}
}
  
@article{lusardi2011financial,
  title={Financial literacy and retirement planning in the United States},
  author={Lusardi, Annamaria and Mitchell, Olivia S},
  journal={Journal of Pension Economics \& Finance},
  volume={10},
  number={4},
  pages={509--525},
  year={2011},
  publisher={Cambridge University Press}
}
    
@article{boisclair2017financial,
  title={Financial literacy and retirement planning in Canada},
  author={Boisclair, David and Lusardi, Annamaria and Michaud, Pierre-Carl},
  journal={Journal of Pension Economics \& Finance},
  volume={16},
  number={3},
  pages={277--296},
  year={2017},
  publisher={Cambridge University Press}
}
  
@article{almenberg2015gender,
  title={Gender, stock market participation and financial literacy},
  author={Almenberg, Johan and Dreber, Anna},
  journal={Economics Letters},
  volume={137},
  pages={140--142},
  year={2015},
  publisher={Elsevier}
}


@article{blanton2011personal,
  title={Personal finance instruction at US colleges and universities},
  author={Blanton, KIMBERLY},
  journal={Financial Security Project at Boston College},
  pages={1--19},
  year={2011}
}

@article{elylecture,
  title={Restoring rational choice: The challenge of consumer financial regulation},
  author={Campbell, John Y},
  journal={American Economic Review},
  volume={106},
  number={5},
  pages={1--30},
  year={2016}
}

@article{calcagno2015financial,
  title={Financial literacy and the demand for financial advice},
  author={Calcagno, Riccardo and Monticone, Chiara},
  journal={Journal of Banking \& Finance},
  volume={50},
  pages={363--380},
  year={2015},
  publisher={Elsevier}
}

@article{willis2011financial,
  title={The financial education fallacy},
  author={Willis, Lauren E},
  journal={American Economic Review},
  volume={101},
  number={3},
  pages={429--34},
  year={2011}
}

@article{calvet2009measuring,
  title={Measuring the financial sophistication of households},
  author={Calvet, Laurent E and Campbell, John Y and Sodini, Paolo},
  journal={American Economic Review},
  volume={99},
  number={2},
  pages={393--98},
  year={2009}
}

@article{calvet2007down,
  title={Down or out: Assessing the welfare costs of household investment mistakes},
  author={Calvet, Laurent E and Campbell, John Y and Sodini, Paolo},
  journal={Journal of Political Economy},
  volume={115},
  number={5},
  pages={707--747},
  year={2007},
  publisher={The University of Chicago Press}
}

@article{willis2008against,
  title={Against financial-literacy education},
  author={Willis, Lauren E},
  journal={Iowa L. Rev.},
  volume={94},
  pages={197},
  year={2008},
  publisher={HeinOnline}
}

@article{odean1998investors,
  title={Are investors reluctant to realize their losses?},
  author={Odean, Terrance},
  journal={The Journal of Finance},
  volume={53},
  number={5},
  pages={1775--1798},
  year={1998},
  publisher={Wiley Online Library}
}

@article{jobst2015effective,
  title={Effective Components of a Successful College Financial Literacy Course},
  author={Jobst, Vicki J},
  journal={Journal of Higher Education Theory and Practice},
  volume={15},
  number={5},
  pages={91},
  year={2015},
  publisher={North American Business Press}
}

@article{choi2011100,
  title={\$100 bills on the sidewalk: Suboptimal investment in 401 (k) plans},
  author={Choi, James J and Laibson, David and Madrian, Brigitte C},
  journal={Review of Economics and Statistics},
  volume={93},
  number={3},
  pages={748--763},
  year={2011},
  publisher={MIT Press}
}

@article{wittkowski2004combining,
  title={Combining several ordinal measures in clinical studies},
  author={Wittkowski, Knut M and Lee, Edmund and Nussbaum, Rachel and Chamian, Francesca N and Krueger, James G},
  journal={Statistics in medicine},
  volume={23},
  number={10},
  pages={1579--1592},
  year={2004},
  publisher={Wiley Online Library}
}
